%% This is a sample bibliography demonstrating how citations with
%% appropriate links to the DOI and arXiv version can be achieved.

@book{Nielsen_Chuang_2000,
    author= {Nielsen, Michael A. and Chuang, Isaac L.},
    title = {{Quantum Computation and Quantum Information}},
    publisher = {Cambridge University Press},
    address = {Cambridge, U.K.},
    year = {2000},
}

@article{Preskill2018,
    author = {Preskill, John},
    title = {{Quantum Computing in the NISQ era and beyond}},
    journal = {Quantum},
    year = {2018},
    volume = {2},
    pages = {79},
    archiveprefix = {arXiv},
    primaryclass  = {quant-ph},
    eprint = {2007.01307}
}

@article{AcinBrussLewensteinSanpera2001,
    author = {Ac{\'i}n, Antonio and Bru{\ss}, Dagmar and Lewenstein, Maciej and Sanpera, Anna},
    title = {{Classification of Mixed Three-Qubit States}},
    journal = {Phys. Rev. Lett.},
    volume = {87},
    pages = {040401},
    year = {2001},
    doi = {10.1103/PhysRevLett.87.040401},
    archiveprefix = {arXiv},
    eprint = {quant-ph/0103025}
}

@article{SchwarzhansLockErkerFriisHuber2020,
    title = {Autonomous Temporal Probability Concentration: Clockworks and the Second Law of Thermodynamics},
    author = {Schwarzhans, Emanuel and Lock, Maximilian P. E. and Erker, Paul and Friis, Nicolai and Huber, Marcus},
    year = {2020},
    archiveprefix = {arXiv},
    eprint = {2007.01307},
}
