preamble{"\DoNotMakeWarningsErrors"}
preamble{"\MakeDoiLinksExplicit"}
@preamble{"\PageBackRef"}

@article{andreas_test_case,
  title = {Toolbox for Reconstructing Quantum Theory from Rules on Information Acquisition},
  author = {H\"{o}hn, Philipp A.},
  year = {2017},
  month = dec,
  volume = {1},
  pages = {38},
  doi = {10.22331/q-2017-12-14-38},
  archivePrefix = {arXiv},
  eprint = {1412.8323},
  eprinttype = {arxiv},
  journal = {Quantum}
}

@article{article_doi_eprint_url_code,
  doi = {10.22331/q-2017-04-25-1},
  url = {https://doi.org/10.22331/q-2017-04-25-1},
  author = {McKague, Matthew},
  issn = {2521-327X},
  publisher = {{Verein zur F{\"{o}}rderung des Open Access Publizierens in den Quantenwissenschaften}},
  journal = {{Quantum}},
  volume = {1},
  pages = {1},
  month = apr,
  year = {2017},
  title = {Self-testing in parallel with {CHSH}},
  code = {https://github.com/tony-blake/Hybrid-x509-s},
  archivePrefix = {arXiv},
  eprint = {1609.09584}
}

@article{article_doi_eprint_url,
  doi = {10.22331/q-2017-04-25-1},
  url = {https://doi.org/10.22331/q-2017-04-25-1},
  title = {Self-testing in parallel with {CHSH}},
  author = {McKague, Matthew},
  journal = {{Quantum}},
  issn = {2521-327X},
  publisher = {{Verein zur F{\"{o}}rderung des Open Access Publizierens in den Quantenwissenschaften}},
  volume = {1},
  pages = {1},
  month = apr,
  year = {2017},
  eprint = {1609.09584}
}

@article{article_eprint_url_code,
  url = {https://doi.org/10.22331/q-2017-04-25-1},
  title = {Self-testing in parallel with {CHSH}},
  author = {McKague, Matthew},
  year = {2017},
  eprint = {1609.09584},
  code={https://github.com/tony-blake/Hybrid-x509-s},
  journal = {{Quantum}},
  volume = {1},
  pages = {1}
}

@article{article_eprint_url,
  url = {https://doi.org/10.22331/q-2017-04-25-1},
  title = {Self-testing in parallel with {CHSH}},
  author = {McKague, Matthew},
  year = {2017},
  eprint = {1609.09584},
  journal = {{Quantum}},
  volume = {1},
  pages = {1}
}

@article{article_url_code,
  url = {https://doi.org/10.22331/q-2017-04-25-1},
  title = {Self-testing in parallel with {CHSH}},
  author = {McKague, Matthew},
  year = {2017},
  code = {https://github.com/tony-blake/Hybrid-x509-s},
  journal = {{Quantum}},
  volume = {1},
  pages = {1}
}

@article{article_url_code_shorturl,
  url = {https://doi.org/10.22331/q-2017-04-25-1},
  shorturl = {10.22331/q-2017-04-25-1},
  title = {Self-testing in parallel with {CHSH}},
  author = {McKague, Matthew},
  year = {2017},
  code = {https://github.com/tony-blake/Hybrid-x509-s},
  journal = {{Quantum}},
  volume = {1},
  pages = {1}
}

@article{article_url,
  url = {https://doi.org/10.22331/q-2017-04-25-1},
  title = {Self-testing in parallel with {CHSH}},
  author = {McKague, Matthew},
  year = {2017},
  journal = {{Quantum}},
  volume = {1},
  pages = {1}
}

@repository{repo_code_url,
  title={Right-size my figures},
  author={Johannes Jakob Meyer},
  code={https://github.com/johannesjmeyer/rsmf},
  url={https://github.com/johannesjmeyer/rsmf}
}

@repository{repo_code_year,
  title={Right-size my figures},
  year={2021},
  author={Johannes Jakob Meyer},
  commit={1fcb463},
  code={https://github.com/johannesjmeyer/rsmf}
}

@repository{repo_code_year_version,
  title={Right-size my figures},
  year={2021},
  author={Johannes Jakob Meyer},
  version={v0.1},
  code={https://github.com/johannesjmeyer/rsmf}
}

@repository{repo_url,
  author={Johannes Jakob Meyer},
  url={https://github.com/johannesjmeyer/rsmf}
}

@repository{repo_code_year_commit,
  author={David Wierichs},
  code={https://github.com/quantum-journal/quantum-journal/pull/123/commits/1fcb463b560fbcd93843cc7c9aefb8ccecf8089e},
  commit={1fcb463},
  year={2021}
}

@website{web_author_code,
  author={The Wiki-authors},
  title={Wikipedia},
  url={https://wikipedia.com},
  code={https://github.com/wikimedia/mediawiki}
}

@website{web_author,
  author={The Wiki-authors},
  title={Wikipedia},
  url={https://wikipedia.com}
}

@website{web_author_date,
  author={The Wiki-authors},
  title={Wikipedia},
  url={https://wikipedia.com},
  urldate={12.07.2019}
}

@website{web_code,
  title={Wikipedia},
  url={https://wikipedia.com},
  code={https://github.com/wikimedia/mediawiki}
}

@website{web,
  title={Wikipedia},
  url={https://wikipedia.com}
}

% Some other test cases

% directly from the arxiv- just changed into article
@article{mendez2021dissipation,
      title={Dissipation in 2D degenerate gases with non-vanishing rest mass},
      author={A. R. Mendez and A. L. Garcia-Perciante and G. Chacon-Acosta},
      year={2021},
      eprint={2110.03402},
      archivePrefix={arXiv},
      primaryClass={cond-mat.quant-gas}
}

% arxiv via zotero
@article{mendez2021dissipation_2,
	title = {Dissipation in 2D degenerate gases with non-vanishing rest mass},
	url = {http://arxiv.org/abs/2110.03402},
	journaltitle = {{arXiv}:2110.03402 [cond-mat.quant-gas]},
    author={A. R. Mendez and A. L. Garcia-Perciante and G. Chacon-Acosta},
	urldate = {2021-10-09},
	date = {2021-10-06},
	eprinttype = {arxiv},
	eprint = {2110.03402},
	keywords = {Computer Science - Machine Learning, Quantum Physics}
}

% via zotero
@article{holevo2012quantum,
	title = {Quantum channels and their entropic characteristics},
	volume = {75},
	issn = {0034-4885, 1361-6633},
	url = {http://stacks.iop.org/0034-4885/75/i=4/a=046001?key=crossref.c00c20a2d90f601c3579a72385e32b76},
	doi = {10.1088/0034-4885/75/4/046001},
	pages = {046001},
	number = {4},
	journaltitle = {Reports on Progress in Physics},
	author = {Holevo, A S and Giovannetti, V},
	urldate = {2018-10-22},
	date = {2012-04-01},
	langid = {english}
}

% data from crossref
@article{Holevo_2012,
	doi = {10.1088/0034-4885/75/4/046001},
	url = {https://doi.org/10.1088%2F0034-4885%2F75%2F4%2F046001},
	year = 2012,
	month = {mar},
	publisher = {{IOP} Publishing},
	volume = {75},
	number = {4},
	pages = {046001},
	author = {A S Holevo and V Giovannetti},
	title = {Quantum channels and their entropic characteristics},
	journal = {Reports on Progress in Physics}
}

% data from web of science
@article{akers2020simple,
	title = {Simple holographic models of black hole evaporation},
	issn = {1029-8479},
	doi = {10.1007/JHEP08(2020)032},
	number = {8},
	journaltitle = {{JOURNAL} {OF} {HIGH} {ENERGY} {PHYSICS}},
	author = {Akers, Chris and Engelhardt, Netta and Harlow, Daniel},
	date = {2020-08-06},
	note = {Place: {ONE} {NEW} {YORK} {PLAZA}, {SUITE} 4600, {NEW} {YORK}, {NY}, {UNITED} {STATES}
Publisher: {SPRINGER}
Type: Article},
	keywords = {{AdS}-{CFT} Correspondence, Black Holes, Models of Quantum Gravity}
}

@article{katariya2021geometric,
	title = {Geometric distinguishability measures limit quantum channel estimation and discrimination},
	volume = {20},
	issn = {1573-1332},
	url = {https://doi.org/10.1007/s11128-021-02992-7},
	doi = {10.1007/s11128-021-02992-7},
	pages = {78},
	number = {2},
	journaltitle = {Quantum Information Processing},
	shortjournal = {Quantum Inf Process},
	author = {Katariya, Vishal and Wilde, Mark M.},
	urldate = {2021-04-29},
	date = {2021-02-22},
	langid = {english}
}

@article{katariya2021geometric_2,
    title = {Geometric distinguishability measures limit quantum channel estimation and discrimination},
    author = {Katariya, Vishal and Wilde, Mark M},
    journal = {Quantum Information Processing},
    volume = {20},
    number = {2},
    pages = {1--170},
    year = {2021},
    url = {https://doi.org/10.1007/s11128-021-02992-7},
    publisher = {Springer}
}

@inproceedings{liang2019fisher-rao,
	title = {Fisher-Rao Metric, Geometry, and Complexity of Neural Networks},
	eventtitle = {The 22nd International Conference on Artificial Intelligence and Statistics},
	pages = {9},
	booktitle = {The 22nd International Conference on Artificial Intelligence and Statistics},
	author = {Liang, Tengyuan and Poggio, Tomaso and Rakhlin, Alexander and Stokes, James},
	date = {2019},
	url = {http://proceedings.mlr.press/v89/liang19a/liang19a.pdf},
	eprint = {1711.01530},
	langid = {english}
}

@incollection{jain2010guaranteed,
	title = {Guaranteed Rank Minimization via Singular Value Projection},
	url = {http://papers.nips.cc/paper/3904-guaranteed-rank-minimization-via-singular-value-projection.pdf},
	pages = {937--945},
	booktitle = {Advances in Neural Information Processing Systems 23},
	publisher = {Curran Associates, Inc.},
	author = {Jain, Prateek and Meka, Raghu and Dhillon, Inderjit S.},
	editor = {Lafferty, J. D. and Williams, C. K. I. and Shawe-Taylor, J. and Zemel, R. S. and Culotta, A.},
	urldate = {2019-06-11},
	date = {2010}
}

% preamble{"\MakeDoiLinksExplicit"}

@misc{misc_arxiv,
      title={Dissipation in 2D degenerate gases with non-vanishing rest mass},
      author={A. R. Mendez and A. L. Garcia-Perciante and G. Chacon-Acosta},
      year={2021},
      eprint={2110.03402},
      archivePrefix={arXiv},
      primaryClass={cond-mat.quant-gas}
}

@misc{misc_note,
    note = {Indeed, only a note was provided for this reference}
}

@misc{misc_correspondence,
    title={Purple became very popular after this.},
    author={Christian Gogolin},
    note={Private correspondence}
}

@book{book_author_doi_url,
  doi = {10.1017/cbo9780511976667},
  url = {https://doi.org/10.1017/cbo9780511976667},
  year = {2009},
  publisher = {Cambridge University Press},
  author = {Michael A. Nielsen and Isaac L. Chuang},
  title = {Quantum Computation and Quantum Information}
}

@book{book_author_url_edition,
  url = {https://doi.org/10.1017/cbo9780511976667},
  year = {2009},
  publisher = {Cambridge University Press},
  author = {Michael A. Nielsen and Isaac L. Chuang},
  title = {Quantum Computation and Quantum Information},
  edition = {10th {A}nniversary}
}

@book{book_editor_doi,
  doi = {10.1017/cbo9780511976667},
  year = {2009},
  publisher = {Cambridge University Press},
  chapter = {1},
  pages = {70},
  editor = {Simon Capelin},
  title = {Quantum Computation and Quantum Information}
}
@book{book_editor_doi2,
  doi = {10.1017/cbo9780511976667},
  year = {2009},
  publisher = {Cambridge University Press},
  volume = {1},
  pages = {70},
  editor = {Simon Capelin},
  title = {Quantum Computation and Quantum Information}
}

@inbook{inbook_author_doi_url_chapter,
  doi = {10.1017/cbo9780511976667},
  url = {https://doi.org/10.1017/cbo9780511976667},
  year = {2009},
  chapter = {3},
  publisher = {Cambridge University Press},
  author = {Michael A. Nielsen and Isaac L. Chuang},
  title = {Quantum Computation and Quantum Information}
}

@inbook{inbook_author_doi_url_chapter_pages,
  doi = {10.1017/cbo9780511976667},
  url = {https://doi.org/10.1017/cbo9780511976667},
  year = {2009},
  chapter = {3},
  pages = {120--169},
  publisher = {Cambridge University Press},
  author = {Michael A. Nielsen and Isaac L. Chuang},
  title = {Quantum Computation and Quantum Information}
}

@inbook{inbook_author_doi_url_volume_chapter_pages,
  doi = {10.1017/cbo9780511976667},
  url = {https://doi.org/10.1017/cbo9780511976667},
  year = {2009},
  chapter = {3},
  volume = {1},
  pages = {120--169},
  publisher = {Cambridge University Press},
  author = {Michael A. Nielsen and Isaac L. Chuang},
  title = {Quantum Computation and Quantum Information}
}

@misc{article_arxiv,
  title={Decoding the Entanglement Structure of Monitored Quantum Circuits},
  author={Beni Yoshida},
  year={2021},
  eprint={2109.08691},
  archivePrefix={arXiv},
  primaryClass={quant-ph}
}

@booklet{booklet,
  title        = {The title of the booklet},
  author       = {Laura Caxton},
  howpublished = {How it was published},
  address      = {The address of the publisher},
  month        = 7,
  year         = 1993,
  note         = {An optional note}
}

@unpublished{unpublished,
  author       = {Petra Marcheford},
  title        = {The title of the unpublished work},
  note         = {A note is required to provide context},
  month        = 7,
  year         = 1993
}

% The following two entries are not meant to be used but were
% used to verify statements in the template.
article{article_trailing_comma,
  author={Matthew McKague},
  doi = {10.1017/cbo9780511976667},
  year={2017},
  journal={Quantum},
  volume={1},
  title={Self-testing in parallel with {CHSH}},
}

article{article_missing_comma,
 author={Matthew McKague},
 doi = {10.1017/cbo9780511976667},
 year={2017},
 journal={Quantum},
 volume={1}
 title={Self-testing in parallel with {CHSH}}
}

@incollection{incollection,
  author       = {Lex Farindon},
  title        = {Title of part of the collection},
  booktitle    = {Title of the collection},
  publisher    = {The name of the publisher},
  year         = {1993},
  editor       = {An editor},
  volume       = 4,
  series       = 5,
  chapter      = 8,
  pages        = {201-213},
  address      = {The address of the publisher},
  edition      = 3,
  month        = 7,
}

@conference{conference,
  author       = {Zoe Draper},
  title        = {Title of part of the conference},
  booktitle    = {Title of the conference},
  year         = 1993,
  editor       = {The editor},
  volume       = 4,
  series       = 5,
  pages        = 213,
  address      = {The address of the publisher},
  month        = 7,
  organization = {The organization},
  publisher    = {The publisher},
  url          = {https://ecosia.org},
  note         = {An optional note}
}

@conference{inproceedings,
  author       = {Mark Hammington},
  title        = {The title of the work},
  booktitle    = {The title of the proceedings},
  year         = 1993,
  editor       = {The editor},
  volume       = 4,
  series       = 5,
  pages        = 213,
  month        = 7,
  url          = {10.1351/pac199264060907},
  publisher    = {The publisher}
}

@techreport{CoplenKrouse,
  author = {Tyler B. Coplen and H. R. Krouse and John Karl Böhlke},
  doi = {10.1351/pac199264060907},
  url = {https://doi.org/10.1351/pac199264060907},
  title = {{R}eporting of nitrogen-isotope abundances},
  journal = {Pure and Applied Chemistry},
  number = {6},
  institution = {{I}nternational {U}nion of {P}ure and {A}pplied {C}hemistry},
  volume = {64},
  year = {1992},
  pages = {907--908},
  type = {Custom type TR}
}

@manual{manual,
  title        = {The title of the manual},
  author       = {Alex Scottson},
  organization = {The organization},
  address      = {The address of the publisher},
  edition      = 3,
  month        = 7,
  year         = 1993
}

@mastersthesis{mastersthesis,
  author       = {Kilian Harwood},
  title        = {The title of the thesis},
  school       = {The school of the thesis},
  year         = 1993,
  address      = {The address of the publisher},
  month        = 7
}

@phdthesis{phdthesis,
  author       = {Gottesman, Daniel Eric},
  title        = {{S}tabilizer {C}odes and {Q}uantum {E}rror {C}orrection},
  school       = {{C}alifornia {I}nstitute of {T}echnology},
  year         = {1997},
  doi          = {10.7907/rzr7-dt72}
}

@proceedings{proceedings,
  title        = {The title of the proceedings},
  year         = 1993,
  editor       = {Sarah Kidwelly},
  volume       = 4,
  series       = 5,
  address      = {The address of the publisher},
  month        = 7,
  organization = {The organization},
  url          = {xkcd.com},
  publisher    = {The name of the publisher}
}
